=LDR  01253crm a2200265M  4500
=001  bkl-bgm-0000001
=005  200311101822.828533
=008  200311n\\\\\\\\xxu\\\\\\\\\\\\\\\vneng\d
=040  \\$aBKL$beng$erda$cBKL
=099  \\$aBOARD GAME
=245  00$aAbalone / $cMichel Lalet, Laurent Levi
=264  \1$a[Place of publication not identified]:$b[publisher not identified],$c[date of publication not identified]
=300  \\$a1 board game
=336  \\$athree-dimansional form$btdf$2rdacontent
=337  \\$aunmediated$bn$2rdamedia
=338  \\$aobject$bnr$2rdacarrier
=500  \\$aNumber of players: 2
=500  \\$aGame duration: 30 mins
=505  0\$a1 gameboard, 14 white marbles, 14 black marbles, rulebook
=520  \\$aPlayers play in turns moving one, two or three marbles at a time. Three push one, three push two, two push one. When pushing one marble at the end of a row, all marbles will move to the next available space simultaneously. Be the first to force a total of six of the opponents marbles off the board. (From back of box)
=521  \\$a7+
=655  \7$aBoard games.$2lcgft
=856  4\$uhttps://www.bklynlibrary.org/boardgamelibrary$zBoard Game Library website
=949  \\$a*b2=o
=960  \\$i34444938440625$l30abg$p39.99$q11$t53$ri$sg

