=LDR  01277crm a2200265M  4500
=001  bkl-bgm-0000002
=005  200311101822.830533
=008  200311n\\\\\\\\xxu\\\\\\\\\\\\\\\vneng\d
=040  \\$aBKL$beng$erda$cBKL
=099  \\$aBOARD GAME
=245  00$aApples to Apples Junior / $cMatthew Kirby, Mark Alan Osterhaus
=264  \1$a[Place of publication not identified]:$b[publisher not identified],$c[date of publication not identified]
=300  \\$a1 board game
=336  \\$athree-dimansional form$btdf$2rdacontent
=337  \\$aunmediated$bn$2rdamedia
=338  \\$aobject$bnr$2rdacarrier
=500  \\$aNumber of players: 4-10
=500  \\$aGame duration: 30 min
=505  0\$a432 Red Apple Cards 144 Green Apple Cards Two Card Trays Quick Play Rules
=520  \\$aIs as easy as comparing "apples to apples"...just open the box, deal the cards, and you're ready for instant family fun! Select the card from your hand that you think is most like the card played by the judge. If the judge picks your card, you win that round. And everyone gets a chance to the judge!
=521  \\$a9+
=655  \7$aBoard games.$2lcgft
=856  4\$uhttps://www.bklynlibrary.org/boardgamelibrary$zBoard Game Library website
=949  \\$a*b2=o
=960  \\$i34444938441524$l02abg$p14.99$q11$t53$ri$sg

