=LDR  01443crm a2200265M  4500
=001  bkl-bgm-0000003
=005  200311101822.831533
=008  200311n\\\\\\\\xxu\\\\\\\\\\\\\\\vneng\d
=040  \\$aBKL$beng$erda$cBKL
=099  \\$aBOARD GAME
=245  00$aArchitects of the West Kingdom / $cShem Phillips, S. J. Macdonald
=264  \1$a[Place of publication not identified]:$b[publisher not identified],$c[date of publication not identified]
=300  \\$a1 board game
=336  \\$athree-dimansional form$btdf$2rdacontent
=337  \\$aunmediated$bn$2rdamedia
=338  \\$aobject$bnr$2rdacarrier
=500  \\$aNumber of players: 1-5
=500  \\$aGame duration: 60-80 min
=505  0\$aI Illustrated Rulebook, 1 Rulebook Appendix, 161 Cards, 1 Main board, 6 Player boards, 10 Player markers, 100 Workers, 35 Clay, 40 Wood, 40 Stone, 25 Gold, 30 Marble, 50 Silver
=520  \\$aArchitects of the West Kingdom is set at the end of the Carolingian Empire, circa 850 AD. As royal architects, players compete to impress their king and maintain their noble status by constructing various landmarks throughout his newly appointed domain. Players will need to collect raw materials, hire apprentices and keep a watchful eye on their workforce
=521  \\$a12+
=655  \7$aBoard games.$2lcgft
=856  4\$uhttps://www.bklynlibrary.org/boardgamelibrary$zBoard Game Library website
=949  \\$a*b2=o
=960  \\$i34444938441532$l02abg$p40.00$q11$t53$ri$sg

