=LDR  02128crm a2200265M  4500
=001  bkl-bgm-0000004
=005  200311101822.838534
=008  200311n\\\\\\\\xxu\\\\\\\\\\\\\\\vneng\d
=040  \\$aBKL$beng$erda$cBKL
=099  \\$aBOARD GAME
=245  00$aBetrayal at House on Hill / $cBruce Glassco, Rob Daviau, Bill McQuillan, Mike Selinker, Teeuwynn Woodruff
=264  \1$a[Place of publication not identified]:$b[publisher not identified],$c[date of publication not identified]
=300  \\$a1 board game
=336  \\$athree-dimansional form$btdf$2rdacontent
=337  \\$aunmediated$bn$2rdamedia
=338  \\$aobject$bnr$2rdacarrier
=500  \\$aNumber of players: 3-6
=500  \\$aGame duration: 60 min
=505  0\$a1 Rulebook, 2 Haunt books,Traitor’s Tome, Secrets of Survival, 44 Room tiles, 1 Entrance Hall/Foyer/Grand Staircase tile, 6 Plastic explorer figures, 6 Two-sided character cards, 30 Plastic clips, 8 Dice, 1 Turn/Damage track, 80 Cards, 13 Omen cards, 22 Item cards, 45 Event cards,149 Tokens, 12 Large circular monster tokens, 91 Small circular monster tokens (24 red, 24 orange, 6 yellow, 16 green, 9 blue, 6 purple, 6 magenta), 14 Square event and room tokens, 14 Pentagonal item tokens, 18 Triangular Trait Roll tokens (6 Knowledge, 6 Might, 6 Sanity)
=520  \\$aYour fear will grow with each tile you place as you investigate a house filled with dreadful monsters and deadly secrets. As you brave your way through each unique room, you and the other explorers must rely on each other to survive the horrors that await. But beware: The house will turn one of you against the rest. It will take all of your strengths and skills to defeat the traitor and escate the Betrayal at House on the Hill. With 50 fiendish scenarios (including seven new haunts) and dozens of danger-filled rooms, you'll return to the house again and again - as often as you dare - and never face the same game twice
=521  \\$a12+
=655  \7$aBoard games.$2lcgft
=856  4\$uhttps://www.bklynlibrary.org/boardgamelibrary$zBoard Game Library website
=949  \\$a*b2=o
=960  \\$i34444938441540$l02abg$p29.50$q11$t53$ri$sg

