=LDR  01299crm a2200265M  4500
=001  bkl-bgm-0000005
=005  200311101822.839534
=008  200311n\\\\\\\\xxu\\\\\\\\\\\\\\\vneng\d
=040  \\$aBKL$beng$erda$cBKL
=099  \\$aBOARD GAME
=245  00$aBlokus : $bThe strategy game for the whole family / $cBernard Tavitian
=264  \1$a[Place of publication not identified]:$b[publisher not identified],$c[date of publication not identified]
=300  \\$a1 board game
=336  \\$athree-dimansional form$btdf$2rdacontent
=337  \\$aunmediated$bn$2rdamedia
=338  \\$aobject$bnr$2rdacarrier
=500  \\$aNumber of players: 2-4
=500  \\$aGame duration: 20-30 min
=505  0\$aA board, and 84 pieces in four different colors (21 pieces per color)
=520  \\$aIn Blokus every move counts, every piece has a different shape, and every game creates unique challenges as players stake out their territory, square by square. The simple rules take less than a minute to learn, yet the game has the depth to challenge both beginners and experts alike - perfect for the whole family!
=521  \\$a7+
=655  \7$aBoard games.$2lcgft
=856  4\$uhttps://www.bklynlibrary.org/boardgamelibrary$zBoard Game Library website
=949  \\$a*b2=o
=960  \\$i34444938440120$l02abg$p24.50$q11$t53$ri$sg

