=LDR  01621crm a2200277M  4500
=001  bkl-bgm-0000006
=005  200311101822.840534
=008  200311n\\\\\\\\xxu\\\\\\\\\\\\\\\vneng\d
=040  \\$aBKL$beng$erda$cBKL
=099  \\$aBOARD GAME
=245  00$aBroom Service / $cAndreas Pelikan, Alexander Pfister
=264  \1$a[Place of publication not identified]:$b[publisher not identified],$c[date of publication not identified]
=300  \\$a1 board game
=336  \\$athree-dimansional form$btdf$2rdacontent
=337  \\$aunmediated$bn$2rdamedia
=338  \\$aobject$bnr$2rdacarrier
=500  \\$aNumber of players: 2-5
=500  \\$aGame duration: 30-75 min
=505  0\$a1 game board (double sided), 10 wooden pawns, 5 wooden markers, 60 potions, 50 role cards, 10 event cards, 2 punch boards, 32 clouds, 15 amulets, 24 magic wands, 17 landscape tiles, Game summary, Game instructions
=520  \\$aRunning out of potions? Then its time for Broom Service! Wild witches zoom on their brooms, covering miles with their vials throughout the magical realm. Gather roots, herbs and fruit to brew your concoctions, and Drizzelda will help charm away the cloudy weather. Play the right card, at the precise moment, and whoosh to the win! Broom Service is a card-based game that combines luck and skill and balances timely bluffing with clever hand management
=521  \\$a10+
=655  \7$aBoard games.$2lcgft
=856  4\$uhttps://www.bklynlibrary.org/boardgamelibrary$zBoard Game Library website
=949  \\$a*b2=o
=960  \\$i34444938440013$l02abg$p44.99$q11$t53$ri$sg
=960  \\$i34444938440195$l30abg$p44.99$q11$t53$ri$sg

