=LDR  01441crm a2200265M  4500
=001  bkl-bgm-0000007
=005  200311101822.841534
=008  200311n\\\\\\\\xxu\\\\\\\\\\\\\\\vneng\d
=040  \\$aBKL$beng$erda$cBKL
=099  \\$aBOARD GAME
=245  00$aEverdell / $cJames A. Wilson
=264  \1$a[Place of publication not identified]:$b[publisher not identified],$c[date of publication not identified]
=300  \\$a1 board game
=336  \\$athree-dimansional form$btdf$2rdacontent
=337  \\$aunmediated$bn$2rdamedia
=338  \\$aobject$bnr$2rdacarrier
=500  \\$aNumber of players: 1-4
=500  \\$aGame duration: 40-80 min
=505  0\$a128 Critter and Construction cards (48 unique cards), 16 Event Mini-cards, 11 Forest Mini-cards, 30 Berries, 30 Twigs, 25 Resin, 20 Pebbles, 30 Point tokens, 20 Occupied tokens, 24 Wooden workers, 1 8-sided die, 1 Game Board, Ever Tree, and Starter Event tiles
=520  \\$aEverdell is a streamlined worker placement game that features a detailed world realized through stunning artwork. Utilizing a tableau-building mechanic, players will work to build a city of critters and constructions. Everdell is easy to learn, yet offers satisfying strategic depth and endless replayability
=521  \\$a13+
=655  \7$aBoard games.$2lcgft
=856  4\$uhttps://www.bklynlibrary.org/boardgamelibrary$zBoard Game Library website
=949  \\$a*b2=o
=960  \\$i34444938440047$l30abg$p50.00$q11$t53$ri$sg

