=LDR  01820crm a2200277M  4500
=001  bkl-bgm-0000008
=005  200311101822.842534
=008  200311n\\\\\\\\xxu\\\\\\\\\\\\\\\vneng\d
=040  \\$aBKL$beng$erda$cBKL
=099  \\$aBOARD GAME
=245  00$aExploding Kittens / $cElan Lee, Matthew Inman and Shane Small
=264  \1$a[Place of publication not identified]:$b[publisher not identified],$c[date of publication not identified]
=300  \\$a1 board game
=336  \\$athree-dimansional form$btdf$2rdacontent
=337  \\$aunmediated$bn$2rdamedia
=338  \\$aobject$bnr$2rdacarrier
=500  \\$aNumber of players: 2-5
=500  \\$aGame duration: 15-20 min
=505  0\$a4 Exploding Kitten cards, 6 Defuse cards, 5 Nope cards, 4 Attack cards, 4 Skip cards, 4 Favor cards, 4 Shuffle cards, 5 See The Future cards, 4 each of Tacocats, Beard Cats, Catermelon, Rainbow Ralphing Cat and Hairy Potato Cat, rulebook
=520  \\$aA highly strategic, kitty-powered version of Russian roulette. Basically, if you draw an exploding kitten, you lose and you are full of loser sad-sauce. If you don't explode, you win! You put cards on the table and take turns drawing from them until you explode. If you draw an Exploding Kitten, you explode and are out of the game.  Unless, you play a Defuse Card. Defuse Cards distract the Exploding Kittens with things like laser pointers, kitten yoga, and catnip sandwiches.  Or you can also play various cards to skip your turn, attack other players, peek at the deck, or secretly relocate an Exploding Kitten Card
=521  \\$a7+
=655  \7$aBoard games.$2lcgft
=856  4\$uhttps://www.bklynlibrary.org/boardgamelibrary$zBoard Game Library website
=949  \\$a*b2=o
=960  \\$i34444938441565$l02abg$p20.00$q11$t53$ri$sg
=960  \\$i34444938441557$l30abg$p20.00$q11$t53$ri$sg

