=LDR  01399crm a2200265M  4500
=001  bkl-bgm-0000009
=005  200311101822.842534
=008  200311n\\\\\\\\xxu\\\\\\\\\\\\\\\vneng\d
=040  \\$aBKL$beng$erda$cBKL
=099  \\$aBOARD GAME
=245  00$aForbidden Island : $bAdventure... If you dare / $cMatt Leacock
=264  \1$a[Place of publication not identified]:$b[publisher not identified],$c[date of publication not identified]
=300  \\$a1 board game
=336  \\$athree-dimansional form$btdf$2rdacontent
=337  \\$aunmediated$bn$2rdamedia
=338  \\$aobject$bnr$2rdacarrier
=500  \\$aNumber of players: 2-4
=500  \\$aGame duration: 30 min
=505  0\$a58 playing cards, 24 island tiles, 6 pawns, 6 character cards, 4 treasure figurines, 1 water meter, 1 water level marker, rules of play
=520  \\$aJoin a team of fearless adventurers on a do-or-die mission to capture four sacred treasures from the ruins of this perilous paradise. Your team will have to work together and make some pulse-pounding maneuvers, as the island will sink beneath each step! Race to collect the treasures and make a triumphant escape before you are swallowed into the watery abyss!
=521  \\$a10+
=655  \7$aBoard games.$2lcgft
=856  4\$uhttps://www.bklynlibrary.org/boardgamelibrary$zBoard Game Library website
=949  \\$a*b2=o
=960  \\$i34444938440096$l02abg$p17.98$q11$t53$ri$sg

