=LDR  01511crm a2200265M  4500
=001  bkl-bgm-00000010
=005  200311101822.843534
=008  200311n\\\\\\\\xxu\\\\\\\\\\\\\\\vneng\d
=040  \\$aBKL$beng$erda$cBKL
=099  \\$aBOARD GAME
=245  00$aForbidden Sky : $bHeight of Danger / $cMatt Leacock
=264  \1$a[Place of publication not identified]:$b[publisher not identified],$c[date of publication not identified]
=300  \\$a1 board game
=336  \\$athree-dimansional form$btdf$2rdacontent
=337  \\$aunmediated$bn$2rdamedia
=338  \\$aobject$bnr$2rdacarrier
=500  \\$aNumber of players: 2-5
=500  \\$aGame duration: 45 min
=505  0\$a49 Cards, 24 Tiles, 48 Sand markers, 6 Pawns' 5 Water level markers, 1 Flying machine model, 4 Flying machine parts: Engine Propeller, Navigation deck, Solar crystal, 1 Sandstorm meter, 1 Sand storm meter stand, 1 Sandstorm level marker, Rules
=520  \\$aGear up for a thrilling adventure to recover a legendary flying machine buried deep in the ruins of an ancient desert city. You’ll need to coordinate with your teammates and use every available resource if you hope to survive the scorching heat and relentless sandstorm. Find the flying machine and escape before you all become permanent artifacts of the forbidden desert!
=521  \\$a10+
=655  \7$aBoard games.$2lcgft
=856  4\$uhttps://www.bklynlibrary.org/boardgamelibrary$zBoard Game Library website
=949  \\$a*b2=o
=960  \\$i34444938440104$l02abg$p21.89$q11$t53$ri$sg

