=LDR  01596crm a2200277M  4500
=001  bkl-bgm-00000011
=005  200311101822.844534
=008  200311n\\\\\\\\xxu\\\\\\\\\\\\\\\vneng\d
=040  \\$aBKL$beng$erda$cBKL
=099  \\$aBOARD GAME
=245  00$aGuillotine / $cPaul Peterson
=264  \1$a[Place of publication not identified]:$b[publisher not identified],$c[date of publication not identified]
=300  \\$a1 board game
=336  \\$athree-dimansional form$btdf$2rdacontent
=337  \\$aunmediated$bn$2rdamedia
=338  \\$aobject$bnr$2rdacarrier
=500  \\$aNumber of players: 2-5
=500  \\$aGame duration: 30 min
=505  0\$a1 rule book 1 small cardboard guillotine display 50 card noble deck (cards with yellow backs with head in a basket)  60 action cards (cards with white backs with queen throwing cake)
=520  \\$aThis irreverent and humorous card game takes place during the French Revolution. Players represent rival guillotine operators vying for the best collection of noble heads over three rounds. Each round, twelve nobles are lined up for the guillotine. The nobles are worth varying points, depending on their notoriety. During your turn, you play action cards to change the order of the line so you can collect the best nobles. The player with the most points at the end of the game wins!
=521  \\$a12+
=655  \7$aBoard games.$2lcgft
=856  4\$uhttps://www.bklynlibrary.org/boardgamelibrary$zBoard Game Library website
=949  \\$a*b2=o
=960  \\$i34444938441581$l02abg$p12.00$q11$t53$ri$sg
=960  \\$i34444938441573$l30abg$p12.00$q11$t53$ri$sg

