=LDR  01287crm a2200277M  4500
=001  bkl-bgm-00000012
=005  200311101822.845534
=008  200311n\\\\\\\\xxu\\\\\\\\\\\\\\\vneng\d
=040  \\$aBKL$beng$erda$cBKL
=099  \\$aBOARD GAME
=245  00$aHanabi / $cAntoine Bauza
=264  \1$a[Place of publication not identified]:$b[publisher not identified],$c[date of publication not identified]
=300  \\$a1 board game
=336  \\$athree-dimansional form$btdf$2rdacontent
=337  \\$aunmediated$bn$2rdamedia
=338  \\$aobject$bnr$2rdacarrier
=500  \\$aNumber of players: 2-5
=500  \\$aGame duration: 30 min
=505  0\$a60 Hanabi Cards (6 suits each with three 1s, two 2's, two 3's, two 4's, and one 5) 8 Blue Clock tokens, 4 black fuse tokens
=520  \\$aIn this cooperative game, players must launch a Grand Fireworks Finale! Players can see what cards everyone holds...except their own. Working together they must give and receive vital information to play cards in the proper launch sequence
=521  \\$a8+
=655  \7$aBoard games.$2lcgft
=856  4\$uhttps://www.bklynlibrary.org/boardgamelibrary$zBoard Game Library website
=949  \\$a*b2=o
=960  \\$i34444938441607$l02abg$p10.95$q11$t53$ri$sg
=960  \\$i34444938441599$l30abg$p10.95$q11$t53$ri$sg

