=LDR  01568crm a2200277M  4500
=001  bkl-bgm-00000013
=005  200311101822.846534
=008  200311n\\\\\\\\xxu\\\\\\\\\\\\\\\vneng\d
=040  \\$aBKL$beng$erda$cBKL
=099  \\$aBOARD GAME
=245  00$aHive / $cJohn Yianni
=264  \1$a[Place of publication not identified]:$b[publisher not identified],$c[date of publication not identified]
=300  \\$a1 board game
=336  \\$athree-dimansional form$btdf$2rdacontent
=337  \\$aunmediated$bn$2rdamedia
=338  \\$aobject$bnr$2rdacarrier
=500  \\$aNumber of players: 2
=500  \\$aGame duration: 20 min
=505  0\$a22 pieces in total, with 11 pieces per player: 1x Queen Bee (Yellow-Gold) 2x Spiders (Brown) 2x Beetles (Purple) 3x Grasshoppers (Green) 3x Soldier Ants (Blue)
=520  \\$aHive is a fantastic game for two, played with highly tactile Bakelite tiles. The aim of the game is to be the first player to surround your opponent’s Queen Bee using a team of assorted creatures of both your own and your opponents color. Because each creature has its own way of moving about the Hive, the game is sometimes called ‘nature chess’ yet simpler rules, no need for a board and an added dimension make it a far more flexible and accessible game that can be played anywhere
=521  \\$a9+
=655  \7$aBoard games.$2lcgft
=856  4\$uhttps://www.bklynlibrary.org/boardgamelibrary$zBoard Game Library website
=949  \\$a*b2=o
=960  \\$i34444938441623$l02abg$p25.00$q11$t53$ri$sg
=960  \\$i34444938441615$l30abg$p25.00$q11$t53$ri$sg

