=LDR  01313crm a2200277M  4500
=001  bkl-bgm-00000014
=005  200311101822.847534
=008  200311n\\\\\\\\xxu\\\\\\\\\\\\\\\vneng\d
=040  \\$aBKL$beng$erda$cBKL
=099  \\$aBOARD GAME
=245  00$aKingdomino / $cBruno Cathala
=264  \1$a[Place of publication not identified]:$b[publisher not identified],$c[date of publication not identified]
=300  \\$a1 board game
=336  \\$athree-dimansional form$btdf$2rdacontent
=337  \\$aunmediated$bn$2rdamedia
=338  \\$aobject$bnr$2rdacarrier
=500  \\$aNumber of players: 2-4
=500  \\$aGame duration: 15-20 min
=505  0\$a4 3D Castles, 48 Dominoes, 8 Wooden King Tokens, Illustrated Rules
=520  \\$aDominoes with a kingdom building twist. Each turn, connect a new domino to your existing kingdom, making sure at least one of its sides connects to a matching terrain type already in play. The game mechanics for obtaining the tiles is clever: the order of who picks first depends on which tile was previously chosen
=521  \\$a8+
=655  \7$aBoard games.$2lcgft
=856  4\$uhttps://www.bklynlibrary.org/boardgamelibrary$zBoard Game Library website
=949  \\$a*b2=o
=960  \\$i34444938440153$l02abg$p22.00$q11$t53$ri$sg
=960  \\$i34444938440161$l30abg$p22.00$q11$t53$ri$sg

