=LDR  01468crm a2200277M  4500
=001  bkl-bgm-00000015
=005  200311101822.848535
=008  200311n\\\\\\\\xxu\\\\\\\\\\\\\\\vneng\d
=040  \\$aBKL$beng$erda$cBKL
=099  \\$aBOARD GAME
=245  00$aLords of Waterdeep / $cPeter Lee and Rodney Thompson
=264  \1$a[Place of publication not identified]:$b[publisher not identified],$c[date of publication not identified]
=300  \\$a1 board game
=336  \\$athree-dimansional form$btdf$2rdacontent
=337  \\$aunmediated$bn$2rdamedia
=338  \\$aobject$bnr$2rdacarrier
=500  \\$aNumber of players: 2-5
=500  \\$aGame duration: 60 min
=505  0\$a133 wooden adventurer cubes, Agents, and score markers, 146 Gold, Victory, and control tokens, 24 Building tiles, 121 Intrigue, Quest, and Lords of Waterdeep cards, Storage tray, Rulebook, Game board, 5 cardstock player mats
=520  \\$aDuring the course of play, you may gain points or resources through completing quests, constructing buildings, playing intrigue cards or having other players utilize the buildings you have constructed. At the end of 8 rounds of play, the player who has accrued the most points wins the game
=521  \\$a12+
=655  \7$aBoard games.$2lcgft
=856  4\$uhttps://www.bklynlibrary.org/boardgamelibrary$zBoard Game Library website
=949  \\$a*b2=o
=960  \\$i34444938441649$l02abg$p37.00$q11$t53$ri$sg
=960  \\$i34444938441631$l30abg$p37.00$q11$t53$ri$sg

