=LDR  01605crm a2200265M  4500
=001  bkl-bgm-00000016
=005  200311101822.849535
=008  200311n\\\\\\\\xxu\\\\\\\\\\\\\\\vneng\d
=040  \\$aBKL$beng$erda$cBKL
=099  \\$aBOARD GAME
=245  00$aMachi Koro / $cMasao Suganuma
=264  \1$a[Place of publication not identified]:$b[publisher not identified],$c[date of publication not identified]
=300  \\$a1 board game
=336  \\$athree-dimansional form$btdf$2rdacontent
=337  \\$aunmediated$bn$2rdamedia
=338  \\$aobject$bnr$2rdacarrier
=500  \\$aNumber of players: 2-4
=500  \\$aGame duration: 30 min
=505  0\$a8 initial buildings, 16 monuments, 12 special building cards, 72 base building cards (30x blue cards, 30x green cards 12x red cards), 54 money tokens, 2 dice (6-sided) 1 rulebook
=520  \\$aEach player wants to complete all of the landmarks under construction faster than their rivals. On their turn, each player rolls one or two dice. If the sum of the dice rolled matches the number of a building that a player owns, they get the effect of that building; in some cases opponents will also benefit from your dice (just as you can benefit from theirs). Then, with money in hand a player can build a landmark or a new building, ideally adding to the wealth of their city on future turns. The first player to construct all of their landmarks wins!
=521  \\$a10+
=655  \7$aBoard games.$2lcgft
=856  4\$uhttps://www.bklynlibrary.org/boardgamelibrary$zBoard Game Library website
=949  \\$a*b2=o
=960  \\$i34444938441656$l02abg$p29.99$q11$t53$ri$sg

