=LDR  01502crm a2200265M  4500
=001  bkl-bgm-00000017
=005  200311101822.850535
=008  200311n\\\\\\\\xxu\\\\\\\\\\\\\\\vneng\d
=040  \\$aBKL$beng$erda$cBKL
=099  \\$aBOARD GAME
=245  00$aMegaland / $cRyan Laukat, Malorie Laukat
=264  \1$a[Place of publication not identified]:$b[publisher not identified],$c[date of publication not identified]
=300  \\$a1 board game
=336  \\$athree-dimansional form$btdf$2rdacontent
=337  \\$aunmediated$bn$2rdamedia
=338  \\$aobject$bnr$2rdacarrier
=500  \\$aNumber of players: 2-5
=500  \\$aGame duration: 20 min
=505  0\$a10 level cards, 5 player cards, 1 level tile, 96 treasure cards (6 gears, 16 eggs, 30 carrots, 20 stone, 10 crystals, 14 fish), 8 character stands, 5 character tokens, 39 coin tokens, 32 heart tokens, 14 jump tokens, 1 heart cost card, 1 1st player token, 28 star building tokens (6 types), 68 building cards (17 types)
=520  \\$aChoose a character. Get ready to run, jump, and collect coins! Buy more hearts and defeat more monsters! Run the level. Collect as much treasure as you can, but watch out for monsters! Build the city. Use your treasures to buy Bowling Alleys, Arcades, and much more! You win by earning the most coins!
=521  \\$a8+
=655  \7$aBoard games.$2lcgft
=856  4\$uhttps://www.bklynlibrary.org/boardgamelibrary$zBoard Game Library website
=949  \\$a*b2=o
=960  \\$i34444938441664$l02abg$p19.50$q11$t53$ri$sg

