=LDR  01215crm a2200277M  4500
=001  bkl-bgm-00000018
=005  200311101822.850535
=008  200311n\\\\\\\\xxu\\\\\\\\\\\\\\\vneng\d
=040  \\$aBKL$beng$erda$cBKL
=099  \\$aBOARD GAME
=245  00$aMonopoly / $cCharles Darrow, Elizabeth J. Magie (Phillips)
=264  \1$a[Place of publication not identified]:$b[publisher not identified],$c[date of publication not identified]
=300  \\$a1 board game
=336  \\$athree-dimansional form$btdf$2rdacontent
=337  \\$aunmediated$bn$2rdamedia
=338  \\$aobject$bnr$2rdacarrier
=500  \\$aNumber of players: 2-8
=500  \\$aGame duration: 60-180 min
=505  0\$aGame board 2 six-sided dice custom six-sided Speed Die  Player tokens (8) 32 houses 12 hotels Chance cards (16) Community Chest cards (16) Title deed cards (28) Play money Instructions
=520  \\$aBuy, sell, dream, and scheme! Bankrupt your opponents to win it all!
=521  \\$a8+
=655  \7$aBoard games.$2lcgft
=856  4\$uhttps://www.bklynlibrary.org/boardgamelibrary$zBoard Game Library website
=949  \\$a*b2=o
=960  \\$i34444938441680$l02abg$p10.00$q11$t53$ri$sg
=960  \\$i34444938441672$l30abg$p10.00$q11$t53$ri$sg

