=LDR  01739crm a2200265M  4500
=001  bkl-bgm-00000019
=005  200311101822.851535
=008  200311n\\\\\\\\xxu\\\\\\\\\\\\\\\vneng\d
=040  \\$aBKL$beng$erda$cBKL
=099  \\$aBOARD GAME
=245  00$aMy Little Scythe / $cHoby Chou and Vienna Chou
=264  \1$a[Place of publication not identified]:$b[publisher not identified],$c[date of publication not identified]
=300  \\$a1 board game
=336  \\$athree-dimansional form$btdf$2rdacontent
=337  \\$aunmediated$bn$2rdamedia
=338  \\$aobject$bnr$2rdacarrier
=500  \\$aNumber of players: 1-6
=500  \\$aGame duration: 45 min
=505  0\$aRulebooks for both multiplayer and solo play, 14 miniatures ranging in size from 48 to 70mm, 1 achievement sheet, 5 custom dice, 24 custom apples, and 24 gems, 70+ mats, tokens, tiles, and boards, 71 cards (57x87mm), 3-piece Game Trayz custom insert
=520  \\$aMy Little Scythe is a competitive, family-friendly game in which each player controls 2 animal miniatures embarking upon a adventure in the Kingdom of Pomme. In an effort to be the first to earn 4 trophiesfrom 8 possible categories, players take turns choosing to Move, Seek, or Make. These actions will allow players to increase their friendship and pies, power up ther actions, complete quests, learn magic spells, deliver gems and apples to Castle Everfree, and perhaps even engage in a pie fight. Some of My Little Scythe's mechanisms are inspired by the bestselling game, Scythe by Jamey Stegmaier
=521  \\$a8+
=655  \7$aBoard games.$2lcgft
=856  4\$uhttps://www.bklynlibrary.org/boardgamelibrary$zBoard Game Library website
=949  \\$a*b2=o
=960  \\$i34444938440112$l30abg$p36.00$q11$t53$ri$sg

