=LDR  01431crm a2200277M  4500
=001  bkl-bgm-00000020
=005  200311101822.852535
=008  200311n\\\\\\\\xxu\\\\\\\\\\\\\\\vneng\d
=040  \\$aBKL$beng$erda$cBKL
=099  \\$aBOARD GAME
=245  00$aOutfoxed : $bA cooperative whodunit game / $cShanon Lyon, Marisa Pena, Colt Tipton-Johnson
=264  \1$a[Place of publication not identified]:$b[publisher not identified],$c[date of publication not identified]
=300  \\$a1 board game
=336  \\$athree-dimansional form$btdf$2rdacontent
=337  \\$aunmediated$bn$2rdamedia
=338  \\$aobject$bnr$2rdacarrier
=500  \\$aNumber of players: 2-4
=500  \\$aGame duration: 15 min
=505  0\$a16 suspect cards, 16 thief cards, 12 clue markers, 4 detective pawns, 3 custom dice, 1 fox figurine, 1 evidence scanner, 1 game board, Rules
=520  \\$aMrs. Plumpert’s prized pot pie has gone missing and now it’s a chicken chase to crack the case! Move around the board gathering clues and then use the special evidence scanner to rule out suspects. You’ll have to work together quickly because the guilty fox is high-tailing it towards the exit!
=521  \\$a5+
=655  \7$aBoard games.$2lcgft
=856  4\$uhttps://www.bklynlibrary.org/boardgamelibrary$zBoard Game Library website
=949  \\$a*b2=o
=960  \\$i34444938440054$l02abg$p19.30$q11$t53$ri$sg
=960  \\$i34444938440062$l30abg$p19.30$q11$t53$ri$sg

