=LDR  01459crm a2200277M  4500
=001  bkl-bgm-00000021
=005  200311101822.853535
=008  200311n\\\\\\\\xxu\\\\\\\\\\\\\\\vneng\d
=040  \\$aBKL$beng$erda$cBKL
=099  \\$aBOARD GAME
=245  00$aRhino Hero / $cScott Frisco, Steven Strumpf
=264  \1$a[Place of publication not identified]:$b[publisher not identified],$c[date of publication not identified]
=300  \\$a1 board game
=336  \\$athree-dimansional form$btdf$2rdacontent
=337  \\$aunmediated$bn$2rdamedia
=338  \\$aobject$bnr$2rdacarrier
=500  \\$aNumber of players: 2-5
=500  \\$aGame duration: 5-15 min
=505  0\$a31 roof cards (= action cards) 28 walls 1 foundation (= starting card) 1 Super Rhino Set of game instructions
=520  \\$aYes! Rhino Hero is out and about again. The super hero from the animal world fearlessly scales the highest houses looking for burglars and rogues. He is as strong as a lion and as smart as a fox but also as heavy as a rhinoceros. So even the most robust multi-story buildings may start to wobble. Can you help Rhino Hero accomplish his wobbly mission and build a skyscraper as tall and solid as possible?
=521  \\$a5+
=655  \7$aBoard games.$2lcgft
=856  4\$uhttps://www.bklynlibrary.org/boardgamelibrary$zBoard Game Library website
=949  \\$a*b2=o
=960  \\$i34444938441706$l02abg$p14.99$q11$t53$ri$sg
=960  \\$i34444938441698$l30abg$p14.99$q11$t53$ri$sg

