=LDR  01722crm a2200265M  4500
=001  bkl-bgm-00000022
=005  200311101822.854535
=008  200311n\\\\\\\\xxu\\\\\\\\\\\\\\\vneng\d
=040  \\$aBKL$beng$erda$cBKL
=099  \\$aBOARD GAME
=245  00$aRobot Turtles / $cDan Shapiro
=264  \1$a[Place of publication not identified]:$b[publisher not identified],$c[date of publication not identified]
=300  \\$a1 board game
=336  \\$athree-dimansional form$btdf$2rdacontent
=337  \\$aunmediated$bn$2rdamedia
=338  \\$aobject$bnr$2rdacarrier
=500  \\$aNumber of players: 2-5
=500  \\$aGame duration: 15 min
=505  0\$a4 Code decks (180 cards total) Pink deck (45 cards - 18 blue, 8 yellow, 8 purple, 5 green, 5 red, 1 brown) Purple deck (45 cards - 18 blue, 8 yellow, 8 purple, 5 green, 5 red, 1 brown) Red deck (45 cards - 18 blue, 8 yellow, 8 purple, 5 green, 5 red, 1 brown) Yellow deck (45 cards - 18 blue, 8 yellow, 8 purple, 5 green, 5 red, 1 brown) 48 Tiles total 20 Stone walls 12 Ice walls 8 Crates 4 Jewels 4 Turtles Game board Instructions
=520  \\$aSneakily teaches preschoolers the fundamentals of programming, from coding to functions, while making silly turtle noises! Takes seconds to learn, minutes to play and provides endless learning opportunities. Set up the game board with the Turtle tile in the corner and the Jewel tile in the center. Use Code Cards (Forward, Left, and Right) to program the Turtle. Reach the Jewle tile and unlock the next level of play!
=521  \\$a4+
=655  \7$aBoard games.$2lcgft
=856  4\$uhttps://www.bklynlibrary.org/boardgamelibrary$zBoard Game Library website
=949  \\$a*b2=o
=960  \\$i34444938441714$l02abg$p21.00$q11$t53$ri$sg

