=LDR  01261crm a2200277M  4500
=001  bkl-bgm-00000023
=005  200311101822.855535
=008  200311n\\\\\\\\xxu\\\\\\\\\\\\\\\vneng\d
=040  \\$aBKL$beng$erda$cBKL
=099  \\$aBOARD GAME
=245  00$aSagrada / $cDaryl Andrews and Adrian Adamescu
=264  \1$a[Place of publication not identified]:$b[publisher not identified],$c[date of publication not identified]
=300  \\$a1 board game
=336  \\$athree-dimansional form$btdf$2rdacontent
=337  \\$aunmediated$bn$2rdamedia
=338  \\$aobject$bnr$2rdacarrier
=500  \\$aNumber of players: 1-4
=500  \\$aGame duration: 30-45 min
=505  0\$a90 Translucent Dice, 4 Player boards, 12 Window pattern cards, 12 Tool cards, 15 Objective cards, Dice bag, Round Track, 4 Score markers, 24 Favor tokens, Rule book
=520  \\$aA game of dice drafting and window crafting. Select your dice. Place dice to match your window's pattern. Meet objectives to gain prestige and win!
=521  \\$a10+
=655  \7$aBoard games.$2lcgft
=856  4\$uhttps://www.bklynlibrary.org/boardgamelibrary$zBoard Game Library website
=949  \\$a*b2=o
=960  \\$i34444938441730$l02abg$p39.95$q11$t53$ri$sg
=960  \\$i34444938441722$l30abg$p39.95$q11$t53$ri$sg

