=LDR  02390crm a2200265M  4500
=001  bkl-bgm-00000024
=005  200311101822.855535
=008  200311n\\\\\\\\xxu\\\\\\\\\\\\\\\vneng\d
=040  \\$aBKL$beng$erda$cBKL
=099  \\$aBOARD GAME
=245  00$aScythe / $cJamey Stegmaier
=264  \1$a[Place of publication not identified]:$b[publisher not identified],$c[date of publication not identified]
=300  \\$a1 board game
=336  \\$athree-dimansional form$btdf$2rdacontent
=337  \\$aunmediated$bn$2rdamedia
=338  \\$aobject$bnr$2rdacarrier
=500  \\$aNumber of players: 1-5
=500  \\$aGame duration: 115 min
=505  0\$a2 rulebooks (regular & Automa),1 quick-reference guide, 1 achievement sheet, 1 game board, 5 dual-layered Player Mats, 80 custom wooden resource tokens, 88 cardboard coins (28×"1",16×"3",16×"5",16×"10",12×"20"), 8 cardboard multiplier tokens, 11 cardboard encounter tokens, 6 structure bonus tiles, 42 combat cards, 23 objective cards, 28 encounter cards, 12 Factory cards, 2 power dials, 5 Riverwalk cards, 5 quick-start cards, 31 Automa cards Faction-Specific Components (total for all 5 factions) 20 mech miniatures, 5 character miniatures, 5 Faction Mats, 5 custom wooden action tokens, 5 custom wooden popularity tokens, 5 custom wooden power tokens, 30 custom wooden star tokens, 20 custom wooden structure tokens, 20 custom wooden recruit tokens, 40 custom wooden worker tokens, 30 wooden technology cubes
=520  \\$aScythe is an engine-building game set in an alternate-history 1920s period, with a lot of combat and area control. Each player begins the game with different resources (power, coins, combat acumen, and popularity), a different starting location, and a hidden goal. Every part of Scythe has an aspect of engine-building to it. Players can upgrade actions to become more efficient, build structures that improve their position on the map, enlist new recruits to enhance character abilities, activate mechs to deter opponents from invading, and expand their borders to reap greater types and quantities of resources. These engine-building aspects create a sense of momentum and progress throughout the game
=521  \\$a14+
=655  \7$aBoard games.$2lcgft
=856  4\$uhttps://www.bklynlibrary.org/boardgamelibrary$zBoard Game Library website
=949  \\$a*b2=o
=960  \\$i34444938441748$l02abg$p90.00$q11$t53$ri$sg

