=LDR  01384crm a2200277M  4500
=001  bkl-bgm-00000025
=005  200311101822.856535
=008  200311n\\\\\\\\xxu\\\\\\\\\\\\\\\vneng\d
=040  \\$aBKL$beng$erda$cBKL
=099  \\$aBOARD GAME
=245  00$aSparkle Kitty / $cManny Vega
=264  \1$a[Place of publication not identified]:$b[publisher not identified],$c[date of publication not identified]
=300  \\$a1 board game
=336  \\$athree-dimansional form$btdf$2rdacontent
=337  \\$aunmediated$bn$2rdamedia
=338  \\$aobject$bnr$2rdacarrier
=500  \\$aNumber of players: 3-8
=500  \\$aGame duration: 15-20 min
=505  0\$a163 cards (11 princess cards including 1 blank, one to design your own princess on), 120 basic spell word cards, 17 dark magic enchantment cards, 9 wild cards (rainbow-striped), 6 special cards (saying 'sparkle' and 'kitty'),'spellbook', rules
=520  \\$aPlay as powerful princesses locked away in enchanted towers by Queen Sparkle Kitty. Match the magical sugar & spice words to cast silly spell combinations, like Sprinkle Fairy, Huggie Bug and Otter Devestation
=521  \\$a9+
=655  \7$aBoard games.$2lcgft
=856  4\$uhttps://www.bklynlibrary.org/boardgamelibrary$zBoard Game Library website
=949  \\$a*b2=o
=960  \\$i34444938441763$l02abg$p22.87$q11$t53$ri$sg
=960  \\$i34444938441755$l30abg$p22.87$q11$t53$ri$sg

