=LDR  02092crm a2200265M  4500
=001  bkl-bgm-00000026
=005  200311101822.857535
=008  200311n\\\\\\\\xxu\\\\\\\\\\\\\\\vneng\d
=040  \\$aBKL$beng$erda$cBKL
=099  \\$aBOARD GAME
=245  00$aSpirit Island / $cR. Eric Reuss
=264  \1$a[Place of publication not identified]:$b[publisher not identified],$c[date of publication not identified]
=300  \\$a1 board game
=336  \\$athree-dimansional form$btdf$2rdacontent
=337  \\$aunmediated$bn$2rdamedia
=338  \\$aobject$bnr$2rdacarrier
=500  \\$aNumber of players: 1-4
=500  \\$aGame duration: 90-120 min
=505  0\$aPower Cards: 36 Minor Powers; 22 Major Powers; 16 Unique Powers (4 per spirit). 15 Invader Cards (in 3 groups). 4 modular island boards; Invader board; 3 Blight Cards; 15 Fear Cards; 16 Fear markers Energy tokens; Invaders: 45 Explorers (white pawns); 35 Towns (white houses); 20 Cities (larger white buildings) 28 Blight cubes; 30 Dahan (islander) huts; Four sets of 13 Spirit Presence (colored wooden discs) 4 Spirit panels (each for a unique Spirit); 4 Spirit cards (for those Spirits) 4 Power Progression cards (one for each spirit); 12 Play-aid cards 4 "Single turn effect" tokens
=520  \\$aPowerful Spirits have existed on this island for time immemorial. They are both part of the natural world and – at the same time – something beyond nature. Native Islanders, know as the Dahan, have learned how to co-exist with the spirits, but with a healthy does of caution and respect. However, now, the island has been “discovered” by invaders from a far-off land. These would-be colonists are taking over the land and upsetting the natural balance, destroying the presence of the Spirits as they go. As Spirits, you must grow in power and work together to drive the invaders from your island…before it’s too late!
=521  \\$a13+
=655  \7$aBoard games.$2lcgft
=856  4\$uhttps://www.bklynlibrary.org/boardgamelibrary$zBoard Game Library website
=949  \\$a*b2=o
=960  \\$i34444938440146$l30abg$p55.00$q11$t53$ri$sg

