=LDR  01546crm a2200289M  4500
=001  bkl-bgm-00000027
=005  200311101822.858536
=008  200311n\\\\\\\\xxu\\\\\\\\\\\\\\\vneng\d
=040  \\$aBKL$beng$erda$cBKL
=099  \\$aBOARD GAME
=245  00$aSurvive. $pEscape from Atlantis / $cJulian Courtland-Smith
=246  10$aEscape from Atlantis
=264  \1$a[Place of publication not identified]:$b[publisher not identified],$c[date of publication not identified]
=300  \\$a1 board game
=336  \\$athree-dimansional form$btdf$2rdacontent
=337  \\$aunmediated$bn$2rdamedia
=338  \\$aobject$bnr$2rdacarrier
=500  \\$aNumber of players: 2-4
=500  \\$aGame duration: 45-60 min
=505  0\$a1 Game Board, 40 cardboard Land Tiles, 40 plastic Explorer tokens, 5 wood Sea Serpents, 5 wood Whales, 6 wood Sharks, 12 wood Boats, 1 custom Dice, 1 Rulebook
=520  \\$aAn island made up of 40 hex-tiles is slowly sinking into the ocean (as the tiles are removed from the board). Each player controls ten people (valued from 1 to 6) that they try and move towards the safety of the surrounding islands before the main island finally blows up. Players can either swim or use boats to travel but must avoid sea serpents, whales and sharks on their way to safety
=521  \\$a8+
=655  \7$aBoard games.$2lcgft
=856  4\$uhttps://www.bklynlibrary.org/boardgamelibrary$zBoard Game Library website
=949  \\$a*b2=o
=960  \\$i34444938440179$l02abg$p39.90$q11$t53$ri$sg
=960  \\$i34444938440187$l30abg$p39.90$q11$t53$ri$sg

