=LDR  01661crm a2200301M  4500
=001  bkl-bgm-00000028
=005  200311101822.859536
=008  200311n\\\\\\\\xxu\\\\\\\\\\\\\\\vneng\d
=040  \\$aBKL$beng$erda$cBKL
=099  \\$aBOARD GAME
=245  00$aSushi Go Party! : $bThe Deluxe Pick and Pass Card Game / $cPhil Walker-Harding
=246  13$aSushi Go Party
=246  13$aSushi go
=264  \1$a[Place of publication not identified]:$b[publisher not identified],$c[date of publication not identified]
=300  \\$a1 board game
=336  \\$athree-dimansional form$btdf$2rdacontent
=337  \\$aunmediated$bn$2rdamedia
=338  \\$aobject$bnr$2rdacarrier
=500  \\$aNumber of players: 2-8
=500  \\$aGame duration: 15-20 min
=505  0\$a181 cards, 22 menu tiles, 8 wooden pawns, 1 game board, Rulebook
=520  \\$aThe pick and pass card game. In this fast-playing card game, the goal is to grab the best combination of sushi dishes as the whiz by. Score points for making the most maki rolls or for collecting a full set of sashimi. Gather the most points and consider yourself the sushi master. With Sushi Go! Party, you still earn points by picking winning sushi combos, but now you can customize each game by choosing à la carte from a menu of more than twenty delectable dishes. What's more, up to eight players can join in on the sushi-feast. Let the good times roll!
=521  \\$a8+
=655  \7$aBoard games.$2lcgft
=856  4\$uhttps://www.bklynlibrary.org/boardgamelibrary$zBoard Game Library website
=949  \\$a*b2=o
=960  \\$i34444938440039$l02abg$p20.00$q11$t53$ri$sg
=960  \\$i34444720330513$l30abg$p20.00$q11$t53$ri$sg

