=LDR  01830crm a2200289M  4500
=001  bkl-bgm-00000029
=005  200311101822.859536
=008  200311n\\\\\\\\xxu\\\\\\\\\\\\\\\vneng\d
=040  \\$aBKL$beng$erda$cBKL
=099  \\$aBOARD GAME
=245  00$aTeenage Mutant Ninja Turtles. $pChange is Constant / $cDaniel Lansdown, Pete Walsh, Kevin Wilson
=246  10$aChange is Constant
=246  13$aTeenage Mutant Ninja Turtles Adventures
=264  \1$a[Place of publication not identified]:$b[publisher not identified],$c[date of publication not identified]
=300  \\$a1 board game
=336  \\$athree-dimansional form$btdf$2rdacontent
=337  \\$aunmediated$bn$2rdamedia
=338  \\$aobject$bnr$2rdacarrier
=500  \\$aNumber of players: 1-5
=500  \\$aGame duration: 45-150 min
=505  0\$a59 Plastic Minatures, 23 Custom Dice, 145 Cards, 25 Oversized Cards, 4 Base Clips, 8 Double-Sided Map Tiles, 290 Tokens, 1 Round Tracker Bookmark, 1 Rulebook, 2 Scenario Books
=520  \\$aBattle with your brothers through the streets of New York City to defend your town from the sinister Baxter Stockman and his technological terrors! TMNT: Change is Constant is a scenario-driven game created in IDW’s Adventures Universal Game System. Each Adventure System game is both stand-alone and compatible with other games in the system! Play as one of the four Ninja Turtles or take on the role of Baxter and command his robot fleet, including the menacing Mega Mouser. This all-new entry into the Adventure System features a brand-new campaign and two different modes of play: 1 vs Many, and fully Co-operative!
=521  \\$a13+
=655  \7$aBoard games.$2lcgft
=856  4\$uhttps://www.bklynlibrary.org/boardgamelibrary$zBoard Game Library website
=949  \\$a*b2=o
=960  \\$i34444938440138$l02abg$p94.00$q11$t53$ri$sg

