=LDR  01824crm a2200277M  4500
=001  bkl-bgm-00000030
=005  200311101822.860536
=008  200311n\\\\\\\\xxu\\\\\\\\\\\\\\\vneng\d
=040  \\$aBKL$beng$erda$cBKL
=099  \\$aBOARD GAME
=245  00$aTokaido / $cAntoine Bauza
=264  \1$a[Place of publication not identified]:$b[publisher not identified],$c[date of publication not identified]
=300  \\$a1 board game
=336  \\$athree-dimansional form$btdf$2rdacontent
=337  \\$aunmediated$bn$2rdamedia
=338  \\$aobject$bnr$2rdacarrier
=500  \\$aNumber of players: 2-5
=500  \\$aGame duration: 45 min
=505  0\$a1 Game board 5 Traveler pieces (meeples) 5 Travel point markers (small wooden circles) 5 Player color tokens 50 coins 10 Traveler tiles 12 Hot Spring cards 60 Panorama cards 25 Meal cards 24 Souvenir cards 14 Encounter cards 7 Achievement cards
=520  \\$aWelcome to the Tokaido, the legendary East Sea Road connecting Kyoto to Edo. Here you will begin an extraordinary journey during which you will discover a thousand marvels for the first time. Be sure to take the time to contemplate the sumptuous vistas before you […] Appreciate the beneficial stopovers that punctuate your path, the restorative tranquility of the hot springs, and the countless culinary delicacies that will astonish your palate. Bundle together with your belonging delightfully unexpected souvenirs, from the most modest to the most sophisticated, that you gather from surprising encounters that may change the course of your travels
=521  \\$a8+
=655  \7$aBoard games.$2lcgft
=856  4\$uhttps://www.bklynlibrary.org/boardgamelibrary$zBoard Game Library website
=949  \\$a*b2=o
=960  \\$i34444938441789$l02abg$p45.00$q11$t53$ri$sg
=960  \\$i34444938441771$l30abg$p45.00$q11$t53$ri$sg

