=LDR  01415crm a2200277M  4500
=001  bkl-bgm-00000031
=005  200311101822.861536
=008  200311n\\\\\\\\xxu\\\\\\\\\\\\\\\vneng\d
=040  \\$aBKL$beng$erda$cBKL
=099  \\$aBOARD GAME
=245  00$aTrash Pandas : $bThe Raucous Raccoon card game / $cLisa Eskue, Michael Eskue
=264  \1$a[Place of publication not identified]:$b[publisher not identified],$c[date of publication not identified]
=300  \\$a1 board game
=336  \\$athree-dimansional form$btdf$2rdacontent
=337  \\$aunmediated$bn$2rdamedia
=338  \\$aobject$bnr$2rdacarrier
=500  \\$aNumber of players: 2-4
=500  \\$aGame duration: 15-20 min
=505  0\$a54 cards, 6 tokens, 1 custom die
=520  \\$aTrash is treasure! In this raucous card game, paw through the deck to find sets of day-old pizza, half-eaten candy, and other luscious leftovers. Roll the die to tip over the garbage or raid a rival’s rubbish, if there’s no Doggos standing guard. The more you roll, the more actions you can take – but get too greedy and your turn is scrapped! Stash the most trash and you’re pick of the litter!
=521  \\$a8+
=655  \7$aBoard games.$2lcgft
=856  4\$uhttps://www.bklynlibrary.org/boardgamelibrary$zBoard Game Library website
=949  \\$a*b2=o
=960  \\$i34444938440070$l02abg$p10.00$q11$t53$ri$sg
=960  \\$i34444938440088$l30abg$p10.00$q11$t53$ri$sg

