=LDR  01579crm a2200277M  4500
=001  bkl-bgm-00000032
=005  200311101822.862536
=008  200311n\\\\\\\\xxu\\\\\\\\\\\\\\\vneng\d
=040  \\$aBKL$beng$erda$cBKL
=099  \\$aBOARD GAME
=245  00$aUnstable Unicorns / $cRamy Badie
=264  \1$a[Place of publication not identified]:$b[publisher not identified],$c[date of publication not identified]
=300  \\$a1 board game
=336  \\$athree-dimansional form$btdf$2rdacontent
=337  \\$aunmediated$bn$2rdamedia
=338  \\$aobject$bnr$2rdacarrier
=500  \\$aNumber of players: 2-8
=500  \\$aGame duration: 30-45 min
=505  0\$a135 cards, rulebook
=520  \\$aUnstable Unicorns is a turn-based strategic card game about your two favorite things: Unicorns and Destruction. The first person with 7 Unicorns in their Stable wins! You start with a Baby Unicorn in your Stable. But don't get too attached, because even Baby Unicorns aren't safe in this game! There are over 20 Magical Unicorns to collect, and each has a special power. Build your Unicorn Army as fast as you can, or be destroyed by one of your so-called friends! Seek revenge or protect your stable using your Magic! Sound easy? Not so fast. Someone could have a Neigh Card (Get it? Neigh?) and send the game into MADNESS!
=521  \\$a8+
=655  \7$aBoard games.$2lcgft
=856  4\$uhttps://www.bklynlibrary.org/boardgamelibrary$zBoard Game Library website
=949  \\$a*b2=o
=960  \\$i34444938441805$l02abg$p19.99$q11$t53$ri$sg
=960  \\$i34444938441797$l30abg$p19.99$q11$t53$ri$sg

