=LDR  01184crm a2200277M  4500
=001  bkl-bgm-00000033
=005  200311101822.863536
=008  200311n\\\\\\\\xxu\\\\\\\\\\\\\\\vneng\d
=040  \\$aBKL$beng$erda$cBKL
=099  \\$aBOARD GAME
=245  00$aYeti in my Spaghetti
=264  \1$a[Place of publication not identified]:$b[publisher not identified],$c[date of publication not identified]
=300  \\$a1 board game
=336  \\$athree-dimansional form$btdf$2rdacontent
=337  \\$aunmediated$bn$2rdamedia
=338  \\$aobject$bnr$2rdacarrier
=500  \\$aNumber of players: 2-8
=500  \\$aGame duration: 15 min
=505  0\$a30 Noodles, Yeti, Bowl, Rules
=520  \\$aIn this wacky, fun game, the noodles are laid across the bowl and the yeti is just sitting there on the noodles…but as you remove the noodles one by one (be careful!), the yeti could fall into the bowl, and that would mean you lose!
=521  \\$a4+
=655  \7$aBoard games.$2lcgft
=856  4\$uhttps://www.bklynlibrary.org/boardgamelibrary$zBoard Game Library website
=949  \\$a*b2=o
=960  \\$i34444938441821$l02abg$p17.99$q11$t53$ri$sg
=960  \\$i34444938441813$l30abg$p17.99$q11$t53$ri$sg


